Untuk setiap referensi, baris pertama (Newton1687) merupakan label dan baris-baris berikutnya
merupakan atribut dari referensi yang akan digunakan. Umumnya, format referensi berikut sudah
disediakan oleh penyedia sumber referensi secara online dan bisa langsung digunakan di sini.

Lihat https://www.bibtex.com/g/bibtex-format/ untuk informasi lebih lanjut mengenai format
BibTex yang digunakan pada file ini.

@article{Newton1687,
  author={I. {Newton}},
  journal={Philosophi√¶ Naturalis Principia Mathematica},
  title={Axioms or Laws of Motion},
  year={1687}}

@misc{SpaceXBlueprint,
  title={Space X Blueprint},
  year=2021,
  url={https://id.pinterest.com/pin/344032859037191430/},
  urldate={2021-01-26}}

@article{Ruddin2022,
  author={Ruddin, I. and Santoso, H. and Indrajit, R. E.},
  journal={Journal Pendidikan Sains dan Komputer},
  title={Digitalisasi Musik Industri: Bagaimana Teknologi Informasi Mempengaruhi Industri Musik di Indonesia},
  year={2022},
  volume={2},
  number={1},
  doi={10.47709/jpsk.v2i1.1395}}

@misc{Nurjanah2020,
  author={Nurjanah, P. and Ikhsan, N. E.},
  title={Pengaruh Fanatisme Dan Perilaku Konsumen Terhadap Keputusan Pembelian Merchandise Kpop (Studi Kasus Pada Komunitas Penggemar Grup Kpop Svt Di Dki Jakarta)},
  year={2020}}

@misc{Oliver2020,
  author={Oliver, W.},
  title={Idolizing Consumption: An Exploration of the K-pop Albums' Relevance in a Digital Age},
  year={2020},
  url={http://lup.lub.lu.se/studentpapers/record/9015386},
  urldate={2024-03-16}}

@article{Parc2020,
  author={Parc, J. and Kim, S. D.},
  journal={Sustainability},
  title={The digital transformation of the Korean music industry and the global emergence of K-Pop},
  year={2020},
  volume={12},
  number={18},
  pages={1--16},
  doi={10.3390/SU12187790}}

@inproceedings{Arassy2021,
  author={Arassy, B. F. and Wibisono, N. and Rafdinal, W.},
  booktitle={Prosiding The 12th Industrial Research Workshop and National Seminar Bandung},
  title={Niat Pembelian Digital Album K-Pop: Analisis Deskriptif Theory of Planned Behavior},
  year={2021}}

@article{Saputera2024,
  author={Saputera, A. J. and Akbar, M. A. and Jayantoro, S.},
  journal={IDEA: Jurnal Ilmiah Seni Pertunjukan},
  title={Potensi Non-Fungible Token (NFT) Dalam Industri Musik Di Era Digital},
  year={2024},
  volume={18},
  number={1},
  pages={236--248}}

@misc{EpicGames2022,
  author={{Epic Games}},
  title={Unreal Engine 5 Documentation},
  year={2022},
  url={https://docs.unrealengine.com/5.0/en-US/},
  urldate={2024-03-16}}

@misc{EpicGames2021,
  author={{Epic Games}},
  title={Introducing MetaHuman Creator: High-Fidelity Digital Humans Made Easy},
  year={2021},
  url={https://www.unrealengine.com/en-US/blog/introducing-metahuman-creator-high-fidelity-digital-humans-made-easy},
  urldate={2024-03-16}}

@article{Zeng2020,
  author={Zeng, W. and Wang, C. and Wang, W.},
  journal={IEEE Access},
  title={3D Face Reconstruction from a Single Image Based on Facial Capture},
  year={2020},
  doi={10.1109/ACCESS.2020.2974645}}

@misc{EpicGames2023,
  author={{Epic Games}},
  title={Meet MAVE: The Virtual K-pop Stars Created with Unreal Engine and MetaHuman},
  year={2023},
  url={https://www.unrealengine.com/en-US/spotlights/meet-mave-the-virtual-k-pop-stars-created-with-unreal-engine-and-metahuman},
  urldate={2024-03-16}}
